<record><leader>00000cas a22000007a 4500</leader><controlfield tag="001">10449770</controlfield><controlfield tag="008">840223d1863186ulaudn ne      0    0fre  </controlfield><datafield ind1=" " ind2=" " tag="010"><subfield code="a">sn 84020187 </subfield></datafield><datafield ind1=" " ind2=" " tag="040"><subfield code="a">DLC</subfield><subfield code="b">eng</subfield><subfield code="c">DLC</subfield><subfield code="d">NPY</subfield><subfield code="d">NPX</subfield><subfield code="d">DLC</subfield><subfield code="d">LNP</subfield><subfield code="d">OCLCQ</subfield></datafield><datafield ind1=" " ind2=" " tag="042"><subfield code="a">msc</subfield></datafield><datafield ind1="0" ind2="0" tag="050"><subfield code="a">Newspaper</subfield></datafield><datafield ind1="0" ind2=" " tag="130"><subfield code="a">Courrier franc&#807;ais (New Orleans, La.)</subfield></datafield><datafield ind1="1" ind2="3" tag="245"><subfield code="a">Le Courrier franc&#807;ais.</subfield></datafield><datafield ind1=" " ind2=" " tag="260"><subfield code="a">Nouvelle-Orle&#769;ans [i.e. New Orleans, La. :</subfield><subfield code="b">s.n.]</subfield></datafield><datafield ind1=" " ind2=" " tag="300"><subfield code="a">v. ;</subfield><subfield code="c">60-66 cm.</subfield></datafield><datafield ind1=" " ind2=" " tag="310"><subfield code="a">Daily (except Mon.)</subfield></datafield><datafield ind1="1" ind2=" " tag="362"><subfield code="a">Began with May 10, 1863 issue? Ceased in 1873?</subfield></datafield><datafield ind1=" " ind2=" " tag="546"><subfield code="a">In French.</subfield></datafield><datafield ind1=" " ind2=" " tag="588"><subfield code="a">Description based on: Premie&#768;re anne&#769;e, vol. 1, 10 mai 1863.</subfield></datafield><datafield ind1=" " ind2=" " tag="752"><subfield code="a">United States</subfield><subfield code="b">Louisiana</subfield><subfield code="c">Orleans</subfield><subfield code="d">New Orleans.</subfield></datafield><datafield ind1="1" ind2=" " tag="029"><subfield code="a">AU@</subfield><subfield code="b">000025806362</subfield></datafield></record>